<?xml version = "1.0" encoding = "UTF-8"?><OAI-PMH xmlns="http://www.openarchives.org/OAI/2.0/" xmlns:xsi="http://www.w3.org/2001/XMLSchema-instance" xsi:schemaLocation="http://www.openarchives.org/OAI/2.0/ http://www.openarchives.org/OAI/2.0/OAI-PMH.xsd"><ListRecords><record><header><identifier>aleph-publish:004859283</identifier></header><metadata><record xmlns="http://www.ddb.de/professionell/mabxml/mabxml-1.xsd"><leader>00514vM2.01200024------h</leader><controlfield tag="LDR">00514vM2.01200024------h</controlfield><controlfield tag="FMT">MH</controlfield><datafield tag="001" ind1="-" ind2="1"><subfield code="a">HT002964659</subfield></datafield><datafield tag="002" ind1="a" ind2="1"><subfield code="a">19980508</subfield></datafield><datafield tag="003" ind1="-" ind2="1"><subfield code="a">20070403</subfield></datafield><datafield tag="026" ind1="-" ind2="1"><subfield code="a">HBZHT002964659</subfield></datafield><controlfield tag="030">a|1uc||||||37</controlfield><datafield tag="036" ind1="a" ind2="1"><subfield code="a">DXDE</subfield></datafield><datafield tag="037" ind1="b" ind2="1"><subfield code="a">ger</subfield></datafield><controlfield tag="050">a|||||||||||||</controlfield><controlfield tag="051">n|||||||</controlfield><datafield tag="070" ind1="-" ind2="1"><subfield code="a">292</subfield></datafield><datafield tag="070" ind1="b" ind2="1"><subfield code="a">82</subfield></datafield><datafield tag="080" ind1="-" ind2="1"><subfield code="a">60</subfield></datafield><datafield tag="100" ind1="b" ind2="1"><subfield code="p">Below, Georg &lt;&lt;von&gt;&gt;</subfield><subfield code="d">1858-1927</subfield><subfield code="b">[Hrsg.]</subfield><subfield code="9">(DE-588)118658085</subfield></datafield><datafield tag="101" ind1="-" ind2="1"><subfield code="p">Below, Georg Anton Hugo &lt;&lt;von&gt;&gt;</subfield><subfield code="d">1858-1927</subfield></datafield><datafield tag="101" ind1="-" ind2="1"><subfield code="p">Below, Anton Hugo Georg &lt;&lt;von&gt;&gt;</subfield><subfield code="d">1858-1927</subfield></datafield><datafield tag="101" ind1="-" ind2="1"><subfield code="p">Below, G. &lt;&lt;von&gt;&gt;</subfield><subfield code="d">1858-1927</subfield></datafield><datafield tag="101" ind1="-" ind2="1"><subfield code="p">Below, G. &lt;&lt;v.&gt;&gt;</subfield><subfield code="d">1858-1927</subfield></datafield><datafield tag="101" ind1="-" ind2="1"><subfield code="p">Below, Georgius &lt;&lt;de&gt;&gt;</subfield><subfield code="d">1858-1927</subfield></datafield><datafield tag="331" ind1="-" ind2="1"><subfield code="a">Handbuch der mittelalterlichen und neueren Geschichte</subfield></datafield><datafield tag="359" ind1="-" ind2="1"><subfield code="a">hrsg. von G. v. Below ...</subfield></datafield><datafield tag="410" ind1="-" ind2="1"><subfield code="a">München [u.a.]</subfield></datafield><datafield tag="412" ind1="-" ind2="1"><subfield code="a">Oldenbourg</subfield></datafield><datafield tag="425" ind1="b" ind2="1"><subfield code="a">1903</subfield></datafield><datafield tag="511" ind1="-" ind2="1"><subfield code="a">Nachdr. im Verl. Orell Füssli, Zürich [u.a.], im Verl. Zeller, Osnabrück, im Scientia-Verl., Aalen, und im Verl. Johnson Repr., New York [u.a.] erschienen</subfield></datafield><datafield tag="700" ind1="l" ind2="1"><subfield code="a">330</subfield></datafield><controlfield tag="SYS">004859283</controlfield><datafield tag="LOW" ind1="-" ind2="1"><subfield code="a">A0001</subfield></datafield><datafield tag="LOW" ind1="-" ind2="1"><subfield code="a">B0001</subfield></datafield><datafield tag="LOW" ind1="-" ind2="1"><subfield code="a">B2001</subfield></datafield><datafield tag="LOW" ind1="-" ind2="1"><subfield code="a">B3001</subfield></datafield><datafield tag="LOW" ind1="-" ind2="1"><subfield code="a">B4009</subfield></datafield><datafield tag="LOW" ind1="-" ind2="1"><subfield code="a">B4026</subfield></datafield><datafield tag="LOW" ind1="-" ind2="1"><subfield code="a">C0001</subfield></datafield><datafield tag="LOW" ind1="-" ind2="1"><subfield code="a">K0001</subfield></datafield><datafield tag="LOW" ind1="-" ind2="1"><subfield code="a">K5001</subfield></datafield><datafield tag="LOW" ind1="-" ind2="1"><subfield code="a">M0001</subfield></datafield><datafield tag="LOW" ind1="-" ind2="1"><subfield code="a">M1006</subfield></datafield><datafield tag="LOW" ind1="-" ind2="1"><subfield code="a">M1007</subfield></datafield><datafield tag="LOW" ind1="-" ind2="1"><subfield code="a">M1008</subfield></datafield><datafield tag="LOW" ind1="-" ind2="1"><subfield code="a">M1012</subfield></datafield><datafield tag="LOW" ind1="-" ind2="1"><subfield code="a">M1014</subfield></datafield><datafield tag="LOW" ind1="-" ind2="1"><subfield code="a">M1046</subfield></datafield><datafield tag="LOW" ind1="-" ind2="1"><subfield code="a">M1055</subfield></datafield><datafield tag="LOW" ind1="-" ind2="1"><subfield code="a">M1073</subfield></datafield><datafield tag="LOW" ind1="-" ind2="1"><subfield code="a">M1092</subfield></datafield><datafield tag="LOW" ind1="-" ind2="1"><subfield code="a">M1096</subfield></datafield><datafield tag="LOW" ind1="-" ind2="1"><subfield code="a">M1101</subfield></datafield><datafield tag="LOW" ind1="-" ind2="1"><subfield code="a">M1114</subfield></datafield><datafield tag="LOW" ind1="-" ind2="1"><subfield code="a">M1129</subfield></datafield><datafield tag="LOW" ind1="-" ind2="1"><subfield code="a">M1168</subfield></datafield><datafield tag="LOW" ind1="-" ind2="1"><subfield code="a">M1220</subfield></datafield><datafield tag="LOW" ind1="-" ind2="1"><subfield code="a">M1224</subfield></datafield><datafield tag="LOW" ind1="-" ind2="1"><subfield code="a">Q0001</subfield></datafield><datafield tag="LOW" ind1="-" ind2="1"><subfield code="a">Q1016</subfield></datafield><datafield tag="LOW" ind1="-" ind2="1"><subfield code="a">Q1026</subfield></datafield><datafield tag="LOW" ind1="-" ind2="1"><subfield code="a">Q1049</subfield></datafield><datafield tag="LOW" ind1="-" ind2="1"><subfield code="a">Q1064</subfield></datafield><datafield tag="LOW" ind1="-" ind2="1"><subfield code="a">Q1074</subfield></datafield><datafield tag="LOW" ind1="-" ind2="1"><subfield code="a">Q1085</subfield></datafield><datafield tag="LOW" ind1="-" ind2="1"><subfield code="a">Q1107</subfield></datafield><datafield tag="LOW" ind1="-" ind2="1"><subfield code="a">Q1147</subfield></datafield><datafield tag="LOW" ind1="-" ind2="1"><subfield code="a">Q1160</subfield></datafield><datafield tag="LOW" ind1="-" ind2="1"><subfield code="a">Q1163</subfield></datafield><datafield tag="LOW" ind1="-" ind2="1"><subfield code="a">R0001</subfield></datafield><datafield tag="LOW" ind1="-" ind2="1"><subfield code="a">R0002</subfield></datafield><datafield tag="LOW" ind1="-" ind2="1"><subfield code="a">R0003</subfield></datafield><datafield tag="LOW" ind1="-" ind2="1"><subfield code="a">U0001</subfield></datafield><datafield tag="LOW" ind1="-" ind2="1"><subfield code="a">Q1157</subfield></datafield><datafield tag="LOW" ind1="-" ind2="1"><subfield code="a">Q1004</subfield></datafield><datafield tag="LOW" ind1="-" ind2="1"><subfield code="a">Q1005</subfield></datafield><datafield tag="LOW" ind1="-" ind2="1"><subfield code="a">Q1105</subfield></datafield><datafield tag="LOW" ind1="-" ind2="1"><subfield code="a">M1127</subfield></datafield><datafield tag="LOW" ind1="-" ind2="1"><subfield code="a">Q1146</subfield></datafield><datafield tag="LOW" ind1="-" ind2="1"><subfield code="a">Q1142</subfield></datafield><datafield tag="LOW" ind1="-" ind2="1"><subfield code="a">M1044</subfield></datafield><datafield tag="LOW" ind1="-" ind2="1"><subfield code="a">M1084</subfield></datafield><datafield tag="LOW" ind1="-" ind2="1"><subfield code="a">M0002</subfield></datafield><datafield tag="LOW" ind1="-" ind2="1"><subfield code="a">M1071</subfield></datafield><datafield tag="LOW" ind1="-" ind2="1"><subfield code="a">L0001</subfield></datafield><datafield tag="LOW" ind1="-" ind2="1"><subfield code="a">Q1062</subfield></datafield><datafield tag="LOW" ind1="-" ind2="1"><subfield code="a">K1103</subfield></datafield><datafield tag="LOW" ind1="-" ind2="1"><subfield code="a">K1133</subfield></datafield><datafield tag="088" ind1=" " ind2=" "><subfield code="a">Sol 1</subfield><subfield code="c">MA 2760</subfield><subfield code="e">keine ILL</subfield></datafield><datafield tag="088" ind1=" " ind2=" "><subfield code="a">61</subfield><subfield code="b">00</subfield><subfield code="c">his/d2869</subfield><subfield code="e">Keine Angabe</subfield></datafield><datafield tag="088" ind1=" " ind2=" "><subfield code="a">Lan 1</subfield><subfield code="e">Dienstgebrauch</subfield></datafield><datafield tag="088" ind1=" " ind2=" "><subfield code="a">61</subfield><subfield code="b">00</subfield><subfield code="c">slg10/</subfield><subfield code="e">Keine Angabe</subfield></datafield><datafield tag="088" ind1=" " ind2=" "><subfield code="a">385</subfield><subfield code="e">Keine Angabe</subfield></datafield><datafield tag="088" ind1=" " ind2=" "><subfield code="a">61/32</subfield><subfield code="b">32</subfield><subfield code="c">romb603.s313</subfield><subfield code="e">Keine Angabe</subfield></datafield><datafield tag="088" ind1=" " ind2=" "><subfield code="a">61/28</subfield><subfield code="b">28</subfield><subfield code="e">Keine Angabe</subfield></datafield><datafield tag="088" ind1=" " ind2=" "><subfield code="a">Kn 28</subfield><subfield code="b">RETRO</subfield><subfield code="c">Retro</subfield><subfield code="e">Normalausleihe</subfield></datafield><datafield tag="088" ind1=" " ind2=" "><subfield code="a">Kn 28</subfield><subfield code="b">MAG</subfield><subfield code="c">Einzelsignaturen</subfield><subfield code="e">Grundsignatur</subfield></datafield><datafield tag="088" ind1=" " ind2=" "><subfield code="a">51</subfield></datafield><datafield tag="088" ind1=" " ind2=" "><subfield code="a">6/011</subfield></datafield><datafield tag="088" ind1=" " ind2=" "><subfield code="a">Tr 2</subfield></datafield><datafield tag="088" ind1=" " ind2=" "><subfield code="a">361</subfield></datafield><datafield tag="088" ind1=" " ind2=" "><subfield code="a">464</subfield><subfield code="c">LDJC1031_d &lt;&lt;Grundsignatur&gt;&gt;</subfield></datafield><datafield tag="088" ind1=" " ind2=" "><subfield code="a">465</subfield></datafield><datafield tag="088" ind1=" " ind2=" "><subfield code="a">466</subfield></datafield><datafield tag="088" ind1=" " ind2=" "><subfield code="a">467</subfield></datafield><datafield tag="088" ind1=" " ind2=" "><subfield code="a">468</subfield></datafield><datafield tag="088" ind1=" " ind2=" "><subfield code="a">5</subfield></datafield><datafield tag="088" ind1=" " ind2=" "><subfield code="a">6</subfield></datafield><datafield tag="088" ind1=" " ind2=" "><subfield code="a">6/125</subfield></datafield><datafield tag="088" ind1=" " ind2=" "><subfield code="a">6/228</subfield></datafield><datafield tag="088" ind1=" " ind2=" "><subfield code="a">708</subfield></datafield><datafield tag="088" ind1=" " ind2=" "><subfield code="a">82</subfield></datafield><datafield tag="088" ind1=" " ind2=" "><subfield code="a">929</subfield></datafield><datafield tag="088" ind1=" " ind2=" "><subfield code="a">6/248</subfield></datafield><datafield tag="088" ind1=" " ind2=" "><subfield code="a">6/290</subfield></datafield><datafield tag="088" ind1=" " ind2=" "><subfield code="a">386</subfield></datafield><datafield tag="088" ind1=" " ind2=" "><subfield code="a">5/76</subfield></datafield><datafield tag="088" ind1=" " ind2=" "><subfield code="a">5/39</subfield></datafield><datafield tag="088" ind1=" " ind2=" "><subfield code="a">5/13</subfield></datafield><datafield tag="088" ind1=" " ind2=" "><subfield code="a">6/020</subfield></datafield><datafield tag="088" ind1=" " ind2=" "><subfield code="a">294/38</subfield></datafield><datafield tag="088" ind1=" " ind2=" "><subfield code="a">6/337</subfield></datafield><datafield tag="088" ind1=" " ind2=" "><subfield code="a">38</subfield></datafield><datafield tag="088" ind1=" " ind2=" "><subfield code="a">5/22</subfield></datafield><datafield tag="088" ind1=" " ind2=" "><subfield code="a">5/95</subfield></datafield><datafield tag="088" ind1=" " ind2=" "><subfield code="a">5/184</subfield></datafield><datafield tag="088" ind1=" " ind2=" "><subfield code="a">6/006</subfield></datafield><datafield tag="088" ind1=" " ind2=" "><subfield code="a">6/017</subfield></datafield><datafield tag="088" ind1=" " ind2=" "><subfield code="a">290</subfield></datafield><datafield tag="088" ind1=" " ind2=" "><subfield code="a">294/21</subfield></datafield><datafield tag="088" ind1=" " ind2=" "><subfield code="a">294/11</subfield></datafield><datafield tag="088" ind1=" " ind2=" "><subfield code="a">Dü 18</subfield></datafield><datafield tag="088" ind1=" " ind2=" "><subfield code="a">121</subfield></datafield><datafield tag="088" ind1=" " ind2=" "><subfield code="a">6/246</subfield></datafield><datafield tag="088" ind1=" " ind2=" "><subfield code="a">5/141</subfield></datafield><datafield tag="088" ind1=" " ind2=" "><subfield code="a">5/11</subfield></datafield><datafield tag="088" ind1=" " ind2=" "><subfield code="a">5/20</subfield></datafield><datafield tag="088" ind1=" " ind2=" "><subfield code="a">5/34</subfield></datafield><datafield tag="088" ind1=" " ind2=" "><subfield code="a">38/404</subfield></datafield><datafield tag="088" ind1=" " ind2=" "><subfield code="a">38/434</subfield></datafield><datafield tag="088" ind1=" " ind2=" "><subfield code="a">52</subfield></datafield><datafield tag="088" ind1=" " ind2=" "><subfield code="a">107</subfield></datafield><datafield tag="088" ind1=" " ind2=" "><subfield code="a">6/162</subfield></datafield><datafield tag="088" ind1=" " ind2=" "><subfield code="a">6/007</subfield></datafield><datafield tag="088" ind1=" " ind2=" "><subfield code="a">6/190</subfield></datafield><datafield tag="088" ind1=" " ind2=" "><subfield code="a">6/186</subfield></datafield><datafield tag="088" ind1=" " ind2=" "><subfield code="a">Zw 1</subfield></datafield><datafield tag="088" ind1=" " ind2=" "><subfield code="a">294/39</subfield></datafield><datafield tag="088" ind1=" " ind2=" "><subfield code="a">6/097</subfield></datafield><datafield tag="088" ind1=" " ind2=" "><subfield code="a">5/21</subfield></datafield><datafield tag="088" ind1=" " ind2=" "><subfield code="a">5/99</subfield></datafield><datafield tag="088" ind1=" " ind2=" "><subfield code="a">832</subfield></datafield><datafield tag="088" ind1=" " ind2=" "><subfield code="a">6/164</subfield></datafield><datafield tag="088" ind1=" " ind2=" "><subfield code="a">6/210</subfield></datafield><datafield tag="088" ind1=" " ind2=" "><subfield code="a">6/139a</subfield></datafield><datafield tag="088" ind1=" " ind2=" "><subfield code="a">294</subfield></datafield><datafield tag="088" ind1=" " ind2=" "><subfield code="a">5/90</subfield></datafield><datafield tag="088" ind1=" " ind2=" "><subfield code="a">5/108</subfield></datafield><datafield tag="088" ind1=" " ind2=" "><subfield code="a">6/178</subfield></datafield><datafield tag="088" ind1=" " ind2=" "><subfield code="a">5/74</subfield></datafield><datafield tag="088" ind1=" " ind2=" "><subfield code="a">6/A</subfield></datafield><datafield tag="088" ind1=" " ind2=" "><subfield code="a">5/7</subfield></datafield><datafield tag="088" ind1=" " ind2=" "><subfield code="a">6/069</subfield></datafield><datafield tag="088" ind1=" " ind2=" "><subfield code="a">5/198</subfield></datafield><datafield tag="BNP" ind1="b" ind2="9"><subfield code="a">Below, Georg &lt;&lt;von&gt;&gt;</subfield><subfield code="9">ED000029428</subfield><subfield code="b">[Hrsg.]</subfield><subfield code="2">ED001</subfield></datafield></record></metadata></record></ListRecords></OAI-PMH>